%{% raw %}
% Add your bibtex items here:
@article{levasseur2017uncertainties,
  title={Uncertainties in Parameters Estimated with Neural Networks: Application to Strong Gravitational Lensing},
  author={Levasseur, Laurence Perreault and Hezaveh, Yashar D and Wechsler, Risa H},
  journal={arXiv preprint arXiv:1708.08843},
  year={2017}
}

@article{collett2015population,
  title={The population of galaxy--galaxy strong lenses in forthcoming optical imaging surveys},
  author={Collett, Thomas E},
  journal={The Astrophysical Journal},
  volume={811},
  number={1},
  pages={20},
  year={2015},
  publisher={IOP Publishing}
}
@article{oguri2010gravitationally,
  title={Gravitationally lensed quasars and supernovae in future wide-field optical imaging surveys},
  author={Oguri, Masamune and Marshall, Philip J},
  journal={Monthly Notices of the Royal Astronomical Society},
  volume={405},
  number={4},
  pages={2579--2593},
  year={2010},
  publisher={The Royal Astronomical Society}
}

@article{birrer2019astrometric,
  title={Astrometric requirements for strong lensing time-delay cosmography},
  author={Birrer, Simon and Treu, Tommaso},
  journal={arXiv preprint arXiv:1904.10965},
  year={2019}
}
@article{ding2018time,
  title={Time Delay Lens Modeling Challenge: I. Experimental Design},
  author={Ding, Xuheng and Treu, Tommaso and Shajib, Anowar J and Xu, Dandan and Chen, Geoff C-F and More, Anupreeta and Despali, Giulia and Frigo, Matteo and Fassnacht, Christopher D and Gilman, Daniel and others},
  journal={arXiv preprint arXiv:1801.01506},
  year={2018}
}

@article{birrer2016mass,
  title={The mass-sheet degeneracy and time-delay cosmography: analysis of the strong lens RXJ1131-1231},
  author={Birrer, Simon and Amara, Adam and Refregier, Alexandre},
  journal={Journal of Cosmology and Astroparticle Physics},
  volume={2016},
  number={08},
  pages={020},
  year={2016},
  publisher={IOP Publishing}
}
@article{holder2003external,
  title={External shear in quadruply imaged lens systems},
  author={Holder, Gilbert P and Schechter, Paul L},
  journal={The Astrophysical Journal},
  volume={589},
  number={2},
  pages={688},
  year={2003},
  publisher={IOP Publishing}
}

@article{hezaveh2017fast,
  title={Fast automated analysis of strong gravitational lenses with convolutional neural networks},
  author={Hezaveh, Yashar D and Levasseur, Laurence Perreault and Marshall, Philip J},
  journal={Nature},
  volume={548},
  number={7669},
  pages={555},
  year={2017},
  publisher={Nature Publishing Group}
}

@article{wagnercarena2019double,
  title={double},
  author={Wagner-Carena, Sebastian and Park, Ji Won and Marshall, Philip J and Birrer, Simon and Morningstar, Warren}, % and others
  journal={The Astrophysical Journal},
  volume={548},
  number={7669},
  pages={555},
  year={2019},
  publisher={IOP Publishing}
}

@article{birrer2018lenstronomy,
  title={lenstronomy: Multi-purpose gravitational lens modelling software package},
  author={Birrer, Simon and Amara, Adam},
  journal={Physics of the Dark Universe},
  volume={22},
  pages={189--201},
  year={2018},
  publisher={Elsevier}
}

@article{suyu2010dissecting,
  title={Dissecting the gravitational lens B1608+ 656. II. Precision measurements of the Hubble constant, spatial curvature, and the dark energy equation of state},
  author={Suyu, SH and Marshall, PJ and Auger, MW and Hilbert, S and Blandford, RD and Koopmans, LVE and Fassnacht, CD and Treu, T},
  journal={The Astrophysical Journal},
  volume={711},
  number={1},
  pages={201},
  year={2010},
  publisher={IOP Publishing}
}
%{% endraw %}
